@book{mybook,
    title = {Guide to NumPy: 2nd Edition},
    author = {Travis E. Oliphant},
    year = {2015},
    publisher = {Continium Press}
}